@book{platonov,
author="Платонов, С. Ф.",
title="Полный курс лекций по русской истории",
year="1899",
publisher="Столичная Скоропечатня",
address="СПб."
}

@book{soloveyv,
author="Соловьёв, С. М.",
title="История России с древнейших времен",
year="1851-1879",
publisher="Товарищество Общественная польза",
address="СПб."
}

@book{karamzin,
author="Карамзин, Н. М.",
title="История государства Российского",
year="2009",
publisher="Эксмо",
address="СПб."
}

@book{kluchevski,
author="Ключевский, В. О.",
title="Курс русской истории",
year="1904",
address="СПб."
}

@book{mainbook,
author="Деревянко, А. П. and Шабельникова, Н. А.",
title="История России",
year="2005",
publisher="Проспект",
address="СПб."
}

@book{kerov,
author="Керов, В. В. and Арсланов, Р. А. and Мосейкина, М. Н. and Смирнова, Т. М. and Якименко, Т. М.",
title="Краткий Курс Истории России",
year="2004",
publisher="Астрель",
address="М."
}